@book{gimpref,
	author		= {Alex Harford, traducción por Ruth Vázquez},
	title		= {GIMP La Referencia Esencial},
	publisher	= {Prentice Hall, Madrid},
	year		= 2000,
	note		= {ISBN: 84-205-3070-0}
}
@book{imprentalatex,
	author		= {Bernardo Cascales Salinas and Pascual Lucas Saorín and 
				   José Manuel Mira Ros and Antonio Pallarés Ruiz and
				   Salvador Sánchez-Pedreño Guillén},
	title		= {LaTeX una imprenta en sus manos},
	publisher	= {Aula Documental de Madrid},
	year		= 2000,
	note		= {ISBN: 849238-9-5}
}
@book{cursodeCbajoUnix,
	author		= {Diego Rafael Llanos Ferraris},
	title		= {Curso de C bajo UNIX},
	publisher	= {Universidad de Valladolid},
	year		= 1998,
	note		= {ISBN: 84-7762-828-9}
}
